@article{Light1,
	Abstract = {ABS},
	Author = {M. J. Lighthill},
	Journal = {Proceedings of the Royal Society. Series A, Mathematical, Physical and Engineering Sciences},
	Month = {March},
	Number = {1107},
	Numpages = {24},
	Pages = {564--587},
	Title = {On sound generated aerodynamically I. General theory},
	Volume = {211},
	Url = {http://rspa.royalsocietypublishing.org/content/211/1107/564},
	Year = {1952}}
	
@article{Light2,
	Abstract = {ABS},
	Author = {M. J. Lighthill},
	Journal = {Proceedings of the Royal Society. Series A, Mathematical, Physical and Engineering Sciences},
	Month = {March},
	Number = {1148},
	Numpages = {32},
	Pages = {1--32},
	Title = {On sound generated aerodynamically II. Turbulence as a source of sound},
	Volume = {222},
	Url = {http://rspa.royalsocietypublishing.org/content/222/1148/1},
	Year = {1954}}
	
@article{curle,
	Abstract = {ABS},
	Author = {N. Curle},
	Journal = {Proceedings of the Royal Society. Series A, Mathematical, Physical and Engineering Sciences},
	Month = {September},
	Number = {1187},
	Numpages = {10},
	Pages = {505--514},
	Title = {The influence of solid boundaries upon aerodynamic sound},
	Volume = {231},
	Url = {http://rspa.royalsocietypublishing.org/content/231/1187/505},
	Year = {1955}}

@article{FWH,
	Abstract = {ABS},
	Author = {J. E. Ffowcs Williams, D. L. Hawkings},
	Journal = {Philosophical Transactions of the Royal Society of London. Series A, Mathematical and Physical Sciences},
	Month = {May},
	Number = {1151},
	Numpages = {23},
	Pages = {321--342},
	Title = {Sound Generation by Turbulence and Surfaces in Arbitrary Motion},
	Volume = {264},
	Url = {http://www.jstor.org/stable/73790},
	Year = {1969}}

@article{bladecompose,
	Abstract = {ABS},
	Author = {J. E. Crouse, J. S. David C. Janetzke and R. E. Schwirian},
	Journal = {NASA Technical Note},
	Month = {September},
	Number = {TN D-5437},
	Numpages = {80},
	Pages = {},
	Title = {A computer program for composing blading from simulated circular-arc elements on conical surfaces},
	Volume = {},
	Url = {},
	Year = {1969}}

@article{r67design,
	Abstract = {ABS},
	Author = {W. S. Cunnan, W. Stevans and D. C. Urasek},
	Journal = {NASA Technical Paper},
	Month = {October},
	Number = {TP-1314},
	Numpages = {94},
	Pages = {},
	Title = {Design and performance of a 427-meter-per-second-tip-speed two stage fan having a 2.40 pressure ratio},
	Volume = {},
	Url = {},
	Year = {1978}}
	
@article{r67performance,
	Abstract = {ABS},
	Author = {D. C. Urasek, W. T. Gorrel and W. S. Cunnan},
	Journal = {NASA Technical Paper},
	Month = {August},
	Number = {TP-1493},
	Numpages = {94},
	Pages = {},
	Title = {Performance of a two-stage fan having a low-aspect-ratio, first-stage rotor blading},
	Volume = {},
	Url = {},
	Year = {1979}}

@article{r67laser,
	Abstract = {ABS},
	Author = {A. J. Strazisar, J. R. Wood, M. D. Hathaway and Kenneth L. Suder},
	Journal = {NASA Technical Paper},
	Month = {November},
	Number = {TP-2897},
	Numpages = {214},
	Pages = {},
	Title = {Laser Anemometer Measurements in a Transonic Axial-Flow Fan Rotor},
	Volume = {},
	Url = {},
	Year = {1989}}